<?xml version="1.0" encoding="UTF-8"?><record xmlns="http://www.loc.gov/MARC21/slim" xmlns:cinclude="http://apache.org/cocoon/include/1.0" xmlns:zs="http://www.loc.gov/zing/srw/">
  <leader>00723cz  a2200169n  4500</leader>
  <controlfield tag="001">nr2004014768</controlfield>
  <controlfield tag="003">DLC</controlfield>
  <controlfield tag="005">20080907082403.0</controlfield>
  <controlfield tag="008">040513n| acannaabn           b aaa     c</controlfield>
  <datafield tag="010" ind1=" " ind2=" ">
    <subfield code="a">nr2004014768</subfield>
  </datafield>
  <datafield tag="035" ind1=" " ind2=" ">
    <subfield code="a">(OCoLC)oca06379895</subfield>
  </datafield>
  <datafield tag="040" ind1=" " ind2=" ">
    <subfield code="a">UaCaAUL</subfield>
    <subfield code="b">eng</subfield>
    <subfield code="c">UaCaAUL</subfield>
    <subfield code="d">OCoLC</subfield>
  </datafield>
  <datafield tag="100" ind1="1" ind2=" ">
    <subfield code="a">Ramaḍān, ʻĀṭif Manṣūr Muḥammad</subfield>
  </datafield>
  <datafield tag="400" ind1="1" ind2=" ">
    <subfield code="a">رمضان، عاطف منصور محمد</subfield>
  </datafield>
  <datafield tag="667" ind1=" " ind2=" ">
    <subfield code="a">Machine-derived non-Latin script reference project.</subfield>
  </datafield>
  <datafield tag="667" ind1=" " ind2=" ">
    <subfield code="a">Non-Latin script reference not evaluated.</subfield>
  </datafield>
  <datafield tag="670" ind1=" " ind2=" ">
    <subfield code="a">al-Kitābāt ghayr al-Qurʻānīyah ʻalá al-nuqūd al-Islāmīyah fī al-Maghrib wa-al-Andalus, 2002:</subfield>
    <subfield code="b">t.p. (Duktūr ʻĀṭif Manṣūr Muḥammad Ramaḍān, Kull. al-Ādāb, Sūhaj)</subfield>
  </datafield>
</record>